[gd_resource type="SpriteFrames" load_steps=9 format=2]

[ext_resource path="res://assets/1dog.png" type="Texture" id=1]

[sub_resource type="AtlasTexture" id=1]
atlas = ExtResource( 1 )
region = Rect2( 16, 16, 16, 16 )

[sub_resource type="AtlasTexture" id=2]
atlas = ExtResource( 1 )
region = Rect2( 0, 0, 16, 16 )

[sub_resource type="AtlasTexture" id=3]
atlas = ExtResource( 1 )
region = Rect2( 0, 16, 16, 16 )

[sub_resource type="AtlasTexture" id=4]
atlas = ExtResource( 1 )
region = Rect2( 32, 16, 16, 16 )

[sub_resource type="AtlasTexture" id=5]
atlas = ExtResource( 1 )
region = Rect2( 16, 16, 16, 16 )

[sub_resource type="AtlasTexture" id=7]
atlas = ExtResource( 1 )
region = Rect2( 32, 0, 16, 16 )

[sub_resource type="AtlasTexture" id=9]
atlas = ExtResource( 1 )
region = Rect2( 16, 0, 16, 16 )

[resource]
animations = [ {
"frames": [ SubResource( 1 ), SubResource( 2 ) ],
"loop": true,
"name": "idle",
"speed": 2.0
}, {
"frames": [ SubResource( 3 ), SubResource( 4 ), SubResource( 5 ) ],
"loop": true,
"name": "walk",
"speed": 8.0
}, {
"frames": [ SubResource( 7 ) ],
"loop": false,
"name": "dash",
"speed": 5.0
}, {
"frames": [ SubResource( 9 ) ],
"loop": false,
"name": "jump",
"speed": 5.0
} ]
